2772 4995
496 424 568 490 x
897 424 903 429 ·
1140 408 1906 490 -εηᾼκπᾼτια

494 617 824 719 priormn
850 617 1318 720 interpretum
1356 620 1732 696 sententias
1771 641 1892 693 aut
1931 614 2387 719 infringentes
2427 627 2553 691 ant

491 740 1029 831 confirmantes,
1094 738 1389 814 illorum
1435 740 1727 815 demum
1768 739 1959 814 notis
2006 738 2396 839 perlectiS,
2435 737 2551 811 in«

489 857 713 957 telligi
772 842 1119 956 poterant.
1259 858 1515 936 Editor
1569 860 1759 934 enim
1817 857 2196 933 Ciceronis.
2245 880 2554 959 operum

485 974 996 1073 doctissimus,
1024 978 1378 1074 eandem,
1425 1009 1638 1083 quam
1667 981 1744 1054 in
1772 978 2060 1090 reliquis
2089 976 2550 1052 orationibus

492 1088 794 1173 edendis
830 1121 1255 1187 servaverat,
1303 1099 1652 1173 rationem
1694 1121 2066 1201 sequutus,
2127 1110 2358 1198 quum
2392 1119 2550 1171 non

484 1236 766 1291 tantum
798 1208 1033 1293 critici
1071 1217 1380 1318 generis,
1456 1216 1585 1292 sed
1641 1221 1862 1297 etiam
1916 1219 2186 1321 optima
2217 1240 2552 1317 quaeque

480 1332 1003 1438 interpretandi
1032 1336 1339 1412 subsidia
1354 1335 1476 1411 hic
1506 1366 1738 1438 parata
1766 1338 2008 1415 haberi
2044 1337 2294 1428 vellet,
2342 1360 2546 1436 repe-

473 1456 630 1539 ,titis
667 1456 1050 1531 Varioru‘m
1079 1457 1303 1551 notis,
1347 1484 1522 1559 quas
1551 1456 1831 1532 exhibet
1873 1456 2094 1531 editio
2126 1457 2540 1548 Graeviana‚

474 1576 700 1660 ‚etiam
726 1577 1045 1676 potiores
1072 1578 1381 1649 aliorum
1410 1571 1897 1670 interpretum,
1923 1606 1985 1655 v.
2013 1606 2073 1652 c.
2102 1582 2267 1651 Nic.
2280 1580 2543 1651 Lalle-

474 1701 747 1774 mandi
758 1724 799 1784 ‚‘
820 1700 933 1769 M.
959 1695 1281 1796 Antonii
1308 1697 1655 1767 Ferratii
1666 1744 1690 1786 ,
1733 1699 1973 1769 Coelii
2011 1699 2339 1783 Secundi
2390 1700 2541 1769 Cu-

470 1819 716 1913 rionis
736 1831 806 1883 et
834 1809 924 1884 ad
964 1809 1155 1885 Phil.
1190 1835 1255 1884 2.
1284 1814 1349 1884 I.
1379 1814 1491 1885 M.
1537 1814 2006 1910 Heusinger-i
2030 1814 2343 1908 addidit3
2381 1814 2538 1912 ipse

466 1931 690 2008 etiam
716 1928 809 2002 de
830 1931 1040 2003 rebus
1070 1948 1158 2004 ex
1183 1926 1520 2034 inteniore
1541 1941 1672 2004 'ant
1698 1930 2033 2007 historiae
2061 1955 2182 2007 aut
2232 1932 2536 2034 antiqui·

466 2073 699 2129 tatum
736 2049 1140 2149 cognitione
1183 2048 1587 2151 repetendis
1638 2052 2123 2127 subtilissimas
2174 2054 2532 2153 quaestio-

464 2155 595 2269 nes
636 2164 972 2261 institnit,
1018 2168 1279 2269 quibus
1318 2170 1582 2245 multae
1611 2192 1844 2272 partes
1873 2173 2303 2274 antiquitatis
2331 2197 2529 2273 egre-

463 2293 578 2397 gie
604 2286 1198 2399 illustrataesunt.
1303 2287 1524 2377 Quod
1557 2291 1804 2364 attinet
1827 2288 1926 2373 'ad
1952 2293 2273 2369 criticam
2309 2291 2526 2377 ratio-

464 2440 678 2512 nem,
734 2409 1063 2488 codicem
1106 2407 1534 2485 Vaticanum
1546 2464 1581 2500 ‚·
1639 2409 1735 2485 ad
1765 2438 1991 2513 ,quem
2043 2413 2526 2520 principatum

456 2529 1320 2610 ‘omnium·codd.·detulit
1341 2584 1362 2621 ‚
1400 2557 1828 2633 quamquam
1858 2559 2023 2607 eum
2059 2532 2346 2608 duobus
2369 2557 2524 2606 sae·

326 2691 339 2710 ·
457 2652 645 2728 culis
674 2647 1167 2753 posteriorem,
1195 2676 1418 2749 quam-
1435 2655 1760 2726 Muretus
1783 2652 2165 2740 existimet,
2219 2652 2298 2724 in
2318 2651 2524 2725 litte-

455 2770 556 2849 ris
599 2769 690 2845 ad
734 2767 1312 2872 me·‘perscript'is
1357 2769 1768 2845 habendum
1826 2769 2329 2863 essemonuit,
2393 2769 2520 2844 de-

448 2916 604 2967 nuo
637 2877 954 2965 excussit.
989 2882 991 2885 Α
1058 2887 1219 2978 Qua
1248 2915 1418 2962 cura
1445 2890 1682 2966 codici
1708 2890 2145 2966 conferendo
2173 2891 2521 2993 impensa,

454 3011 790 3102 effectum
819 3030 962 3103 est,
1008 3031 1088 3088 nt
1115 2999 1340 3086 multa
1368 3011 1511 3084 sint
1534 3013 1926 3085 accuratius
1980 3040 2196 3111 quam
2237 3030 2401 3105 ante
2426 3034 2518 3094 en

375 3157 380 3166 ·
453 3154 546 3205 eo
575 3148 898 3217 enotata,
948 3154 1291 3229 quaeque
1304 3127 1545 3203 adhuc
1573 3131 1935 3205 observata
1987 3152 2221 3222 erant,
2269 3153 2518 3206 revera

449 3250 543 3324 ab
574 3273 662 3322 eo
696 3247 1044 3339 exhiberi,
1092 3246 1377 3323 eredere
1420 3250 1812 3349 possimus,
1876 3247 2220 3350 denique,
2287 3247 2511 3348 idque

445 3368 837 3444 maximum
871 3388 1012 3460 est,
1051 3388 1136 3440 ut
1166 3366 1563 3443 dissensum
1586 3368 1790 3442 Varr-
1812 3369 1999 3444 lectt.
2028 3394 2115 3444 ex
2145 3396 2232 3443 eo
2253 3361 2516 3442 codice

446 3488 564 3565 vel
599 3516 638 3561 a
683 3484 970 3560 Mureto
995 3538 1016 3577 ‚
1084 3486 1192 3561 vel
1238 3515 1277 3560 a
1319 3486 1379 3560 F
1379 3513 1595 3563 aerno
1641 3488 2048 3578 allatarum,
2104 3488 2229 3588 qui
2274 3514 2390 3564 me
2433 3507 2508 3582 et

444 3603 648 3682 haud
672 3603 900 3706 'dubie
928 3604 1105 3679 alios
1132 3630 1559 3709 magnopere
1601 3609 1898 3702 vexavit,
1964 3606 2215 3681 exinde
2255 3629 2504 3680 natum

442 3751 597 3802 esse
649 3725 986 3813 sciamus,
1066 3724 1267 3826 quod
1322 3724 1651 3816 Muretus
1695 3752 1817 3819 ea,
1888 3752 2067 3827 quae
2102 3755 2142 3801 a
2190 3724 2504 3804 secunda

439 3872 665 3923 manu
690 3844 766 3919 in
793 3844 921 3920 illo
954 3843 1203 3920 codice
1234 3866 1476 3921 notata
1504 3868 1740 3939 erant,
1785 3872 1936 3921 uon
1968 3847 2204 3921 minus
2238 3847 2503 3943 proba-

436 3968 649 4060 bilia,
723 3964 1127 4058 adsciverit,
1209 3963 1522 4041 Faernus
1569 3967 2041 4043 contemserit.
2139 3961 2501 4042 'Docebat

348 4167 353 4176 ,
435 4087 695 4188 igitur,
769 4111 889 4177 ea,
943 4109 1123 4185 quae
1158 4114 1201 4160 a
1248 4086 1561 4163 secunda
1614 4113 1832 4160 mann
1876 4088 2196 4188 profecta
2238 4109 2496 4181 essent,

438 4230 591 4283 non
626 4204 880 4286 minus
933 4205 1177 4315 buna,
1261 4205 1660 4300 litterarum
1717 4207 1950 4286 forma
2004 4208 2496 4314 antiquitatem
2557 4221 2561 4246 ¹
